@article{baskets, title={The Baskets Queue}, DOI={10.1007/978-3-540-77096-1_29}, journal={Lecture Notes in Computer Science Principles of Distributed Systems}, author={Hoffman, Moshe and Shalev, Ori and Shavit, Nir}, pages={401–414}}
@article{ms, title={Nonblocking Algorithms and Preemption-Safe Locking on Multiprogrammed Shared Memory Multiprocessors}, volume={51}, DOI={10.1006/jpdc.1998.1446}, number={1}, journal={Journal of Parallel and Distributed Computing}, author={Michael, Maged M. and Scott, Michael L.}, year={1998}, pages={1–26}}
@article{opt, title={An optimistic approach to lock-free FIFO queues}, volume={20}, DOI={10.1007/s00446-007-0050-0}, number={5}, journal={Distributed Computing}, author={Ladan-Mozes, Edya and Shavit, Nir}, year={2007}, pages={323–341}}